<record><leader>00000cas a22000007a 4500</leader><controlfield tag="001">10240085</controlfield><controlfield tag="008">831221d1878188umoudn ne      0    0eng  </controlfield><datafield ind1=" " ind2=" " tag="010"><subfield code="a">sn 83016981 </subfield></datafield><datafield ind1=" " ind2=" " tag="040"><subfield code="a">DLC</subfield><subfield code="b">eng</subfield><subfield code="c">DLC</subfield><subfield code="d">NPU</subfield><subfield code="d">MQN</subfield><subfield code="d">OCLCQ</subfield><subfield code="d">OCLCO</subfield><subfield code="d">OCLCQ</subfield><subfield code="d">OCLCF</subfield><subfield code="d">OCLCA</subfield></datafield><datafield ind1="1" ind2=" " tag="029"><subfield code="a">AU@</subfield><subfield code="b">000020417283</subfield></datafield><datafield ind1=" " ind2=" " tag="042"><subfield code="a">msc</subfield></datafield><datafield ind1=" " ind2=" " tag="043"><subfield code="a">n-us-mo</subfield></datafield><datafield ind1="0" ind2="0" tag="050"><subfield code="a">Newspaper 8583-X</subfield></datafield><datafield ind1="0" ind2=" " tag="130"><subfield code="a">Hannibal morning journal (Hannibal, Mo. : 1878)</subfield></datafield><datafield ind1="1" ind2="0" tag="245"><subfield code="a">Hannibal morning journal.</subfield></datafield><datafield ind1="1" ind2="3" tag="246"><subfield code="a">Morning journal</subfield></datafield><datafield ind1=" " ind2=" " tag="260"><subfield code="a">Hannibal, Mo. :</subfield><subfield code="b">W.S. Hallock</subfield></datafield><datafield ind1=" " ind2=" " tag="300"><subfield code="a">v. ;</subfield><subfield code="c">68 cm.</subfield></datafield><datafield ind1=" " ind2=" " tag="310"><subfield code="a">Daily (except Mon.)</subfield></datafield><datafield ind1=" " ind2=" " tag="588"><subfield code="a">Description based on: Vol. 1, no. 148 (Mar. 19, 1879).</subfield></datafield><datafield ind1=" " ind2="0" tag="651"><subfield code="a">Hannibal (Mo.)</subfield><subfield code="v">Newspapers.</subfield></datafield><datafield ind1=" " ind2="7" tag="655"><subfield code="a">Newspapers.</subfield><subfield code="2">fast</subfield><subfield code="0">(OCoLC)fst01423814</subfield></datafield><datafield ind1=" " ind2="7" tag="651"><subfield code="a">Missouri</subfield><subfield code="z">Hannibal.</subfield><subfield code="2">fast</subfield><subfield code="0">(OCoLC)fst01223156</subfield></datafield><datafield ind1=" " ind2=" " tag="752"><subfield code="a">United States</subfield><subfield code="b">Missouri</subfield><subfield code="c">Marion</subfield><subfield code="d">Hannibal.</subfield></datafield><datafield ind1="0" ind2=" " tag="775"><subfield code="t">Hannibal weekly journal</subfield><subfield code="w">(DLC)sn 89067608</subfield></datafield><datafield ind1="0" ind2="5" tag="780"><subfield code="t">Daily clipper herald</subfield><subfield code="w">(DLC)sn 89067503</subfield></datafield><datafield ind1="0" ind2="0" tag="785"><subfield code="t">Morning journal (Hannibal, Mo.)</subfield><subfield code="w">(DLC)sn 91061162</subfield></datafield></record>